%% This BibTeX bibliography file was created using BibDesk.
%% https://bibdesk.sourceforge.io/

%% Created for Scherger, Michael at 2019-11-25 16:52:39 -0600 


%% Saved with string encoding Unicode (UTF-8) 



@book{CLRS2009,
	Author = {Cormen, Thomas A and Leiserson, Charles E and Rivest, Ronald L and Stein, Clifford},
	Date-Added = {2015-03-20 21:10:18 +0000},
	Date-Modified = {2015-03-20 21:29:03 +0000},
	Edition = {3rd},
	Publisher = {MIT Press},
	Rating = {5},
	Read = {1},
	Title = {Introduction to Algorithms},
	Year = {2009}}

@book{Laszlo1996,
	Author = {Michael J. Lazlo},
	Date-Added = {2015-03-20 21:07:31 +0000},
	Date-Modified = {2015-03-20 21:31:39 +0000},
	Publisher = {Prentice Hall},
	Rating = {4},
	Read = {1},
	Title = {Computational Geometry and Computer Graphics in C++},
	Year = {1996}}

@book{ORourke2005,
	Author = {Joseph O'Rourke},
	Date-Added = {2015-03-20 20:33:39 +0000},
	Date-Modified = {2015-03-20 21:09:37 +0000},
	Edition = {2nd},
	Publisher = {Cambridge University Press},
	Rating = {5},
	Read = {1},
	Title = {Computational Geometry in C},
	Year = {2005}}
